%este es el formato común de citar artículos. El formato Bibtex facilita el trabajo.

@software{latex,
	year = {2024},
	author = {Leslie Lamport and others},
	title = {The LaTex project},
	url = {https://www.latex-project.org/},
	urldate = {2024-06-13 }
	
}

@misc{tikzmaker,
	title = {TikzMaker},
	howpublished = {\url{https://tikzmaker.com/editor}},
	urldate = {2024-06-13},
	year = {2024},
	organization = {tikzmaker.com}
}


@techreport{kyber-spec-2021,
	title        = {{CRYSTALS-Kyber: Algorithm Specifications and Supporting Documentation (version 3.01)}},
	author       = {Roberto Avanzi and Joppe Bos and L{\'e}o Ducas and Eike Kiltz and Tancr{\`e}de Lepoint and Vadim Lyubashevsky and John M. Schanck and Peter Schwabe and Gregor Seiler and Damien Stehl{\'e}},
	institution  = {CRYSTALS Project},
	year         = {2021},
	month        = {January},
	url          = {https://pq-crystals.org/kyber/data/kyber-specification-round3-20210131.pdf},
	howpublished = {\url{https://pq-crystals.org/kyber/}},
	note         = {NIST PQC Round 3 submission}
}



@techreport{saber-spec-2020,
	title        = {{SABER: Mod-LWR based KEM (Round 3 Submission)}},
	author       = {Andrea Basso and Jos{\'e} Mar{\'\i}a Bermudo Mera and Jan-Pieter D'Anvers and Angshuman Karmakar and Sujoy Sinha Roy and Michiel Van Beirendonck and Frederik Vercauteren},
	institution  = {Katholieke Universiteit Leuven and University of Birmingham},
	year         = {2020},
	url          = {https://www.esat.kuleuven.be/cosic/pqcrypto/saber/},
	howpublished = {\url{https://www.esat.kuleuven.be/cosic/pqcrypto/saber/}},
	note         = {NIST PQC Round 3 submission}
}


@techreport{bike-spec-2022,
	title        = {{BIKE: Bit Flipping Key Encapsulation (Round 4 Submission)}},
	author       = {Nicolas Aragon and Paulo S. L. M. Barreto and Slim Bettaieb and Lo{\"\i}c Bidoux and Olivier Blazy and Jean-Christophe Deneuville and Philippe Gaborit and Santosh Ghosh and Shay Gueron and Tim G{\"u}neysu and Carlos Aguilar Melchor and Rafael Misoczki and Edoardo Persichetti and Jan Richter-Brockmann and Nicolas Sendrier and Jean-Pierre Tillich and Valentin Vasseur and Gilles Z{\'e}mor},
	institution  = {BIKE Team},
	year         = {2022},
	month        = {October},
	version      = {5.1},
	url          = {https://bikesuite.org/},
	howpublished = {\url{https://bikesuite.org/}},
	note         = {NIST PQC Round 4 submission}
}

@techreport{hqc-spec-2022,
	title        = {{HQC: Hamming Quasi-Cyclic (Fourth Round Submission)}},
	author       = {Carlos Aguilar Melchor and Nicolas Aragon and Slim Bettaieb and Lo{\"\i}c Bidoux and Olivier Blazy and Jurjen Bos and Jean-Christophe Deneuville and Arnaud Dion and Philippe Gaborit and J{\'e}r{\^o}me Lacan and Edoardo Persichetti and Jean-Marc Robert and Pascal V{\'e}ron and Gilles Z{\'e}mor},
	institution  = {HQC Team},
	year         = {2022},
	month        = {October},
	url          = {https://pqc-hqc.org/},
	howpublished = {\url{https://pqc-hqc.org/}},
	note         = {NIST PQC Round 4 submission}
}

@misc{FIPS202,
	author = {National Institute of Standards and Technology (NIST) and Morris J. Dworkin},
	title = {SHA-3 Standard: Permutation-Based Hash and Extendable-Output Functions},
	year = {2015},
	month = {2015-08-04 00:08:00},
	publisher = {Federal Inf. Process. Stds. (NIST FIPS), National Institute of Standards and Technology, Gaithersburg, MD},
	url = {https://tsapps.nist.gov/publication/get_pdf.cfm?pub_id=919061},
	doi = {https://doi.org/10.6028/NIST.FIPS.202},
	language = {en},
}

@misc{nistPQCround3,
	author       = {{National Institute of Standards and Technology}},
	title        = {Post-Quantum Cryptography - Round 3 Submissions},
	year         = {2020},
	howpublished = {\url{https://csrc.nist.gov/Projects/post-quantum-cryptography/post-quantum-cryptography-standardization/round-3-submissions}},
	note         = {Consultado: 2025-05-05}
}

@misc{nistPQCround4,
	author       = {{National Institute of Standards and Technology}},
	title        = {Post-Quantum Cryptography - Round 4 Submissions},
	year         = {2022},
	howpublished = {\url{https://csrc.nist.gov/Projects/post-quantum-cryptography/round-4-submissions}},
	note         = {Consultado: 2025-05-05}
}